<?xml version="1.0" encoding="UTF-8"?><record xmlns="http://www.loc.gov/MARC21/slim" xmlns:cinclude="http://apache.org/cocoon/include/1.0" xmlns:zs="http://www.loc.gov/zing/srw/">
  <leader>00631nz  a2200193n  4500</leader>
  <controlfield tag="001">nr 93044004 </controlfield>
  <controlfield tag="003">DLC</controlfield>
  <controlfield tag="005">19931029175302.2</controlfield>
  <controlfield tag="008">931022n| acannaab|          |a aaa     c</controlfield>
  <datafield tag="010" ind1=" " ind2=" ">
    <subfield code="a">nr 93044004 </subfield>
  </datafield>
  <datafield tag="035" ind1=" " ind2=" ">
    <subfield code="a">(Uk)tb039702</subfield>
  </datafield>
  <datafield tag="040" ind1=" " ind2=" ">
    <subfield code="a">Uk/ESTC-NA</subfield>
    <subfield code="c">ESTC-NA</subfield>
  </datafield>
  <datafield tag="100" ind1="1" ind2="0">
    <subfield code="a">Yardley, Edward,</subfield>
    <subfield code="d">1698-1769</subfield>
  </datafield>
  <datafield tag="400" ind1="1" ind2="0">
    <subfield code="a">Y,. E.</subfield>
    <subfield code="q">(Edward Yardley),</subfield>
    <subfield code="d">1698-1769</subfield>
  </datafield>
  <datafield tag="400" ind1="0" ind2="0">
    <subfield code="a">E. Y.</subfield>
    <subfield code="q">(Edward Yardley),</subfield>
    <subfield code="d">1698-1769</subfield>
  </datafield>
  <datafield tag="667" ind1=" " ind2=" ">
    <subfield code="a">Data provided by the ESTC/BL</subfield>
  </datafield>
  <datafield tag="670" ind1=" " ind2=" ">
    <subfield code="a">His The rational communicant, 1728:</subfield>
    <subfield code="b">t.p. (Edward Yardley)</subfield>
  </datafield>
  <datafield tag="670" ind1=" " ind2=" ">
    <subfield code="a">BM</subfield>
    <subfield code="b">(Yardley, Edward, Archdeacon of Cardigan)</subfield>
  </datafield>
  <datafield tag="670" ind1=" " ind2=" ">
    <subfield code="a">NUC pre-56</subfield>
    <subfield code="b">(Yardley, Edward, 1698-1769)</subfield>
  </datafield>
</record>